<record><leader>00764cam a2200229 a 4500</leader><controlfield tag="001">1346422</controlfield><controlfield tag="008">910102s1985    at a              1 rus c</controlfield><datafield ind1=" " ind2=" " tag="035"><subfield code="a">ocm17643849</subfield></datafield><datafield ind1=" " ind2=" " tag="040"><subfield code="b">eng</subfield></datafield><datafield ind1=" " ind2=" " tag="049"><subfield code="a">AEU</subfield><subfield code="b">eng</subfield></datafield><datafield ind1=" " ind2="4" tag="050"><subfield code="a">PG3488T73</subfield><subfield code="b">M3 1985</subfield></datafield><datafield ind1="0" ind2=" " tag="090"><subfield code="a">PG 3476 S923 M262 1985</subfield></datafield><datafield ind1="1" ind2=" " tag="100"><subfield code="a">Strugat&#865;ski&#301;, Arkadi&#301; Natanovich.</subfield></datafield><datafield ind1="1" ind2="0" tag="245"><subfield code="a">Malysh /</subfield><subfield code="c">A. Strugat&#865;ski&#301;, B. Strugat&#865;ski&#301;.</subfield></datafield><datafield ind1=" " ind2=" " tag="260"><subfield code="a">Mel&#697;burn :</subfield><subfield code="b">Izd-vo Artol,</subfield><subfield code="c">1985.</subfield></datafield><datafield ind1=" " ind2=" " tag="300"><subfield code="a">147 p. :</subfield><subfield code="b">ill. ;</subfield><subfield code="c">17 cm.</subfield></datafield><datafield ind1=" " ind2=" " tag="336"><subfield code="a">text</subfield><subfield code="b">txt</subfield><subfield code="2">rdacontent</subfield></datafield><datafield ind1=" " ind2=" " tag="337"><subfield code="a">unmediated</subfield><subfield code="b">n</subfield><subfield code="2">rdamedia</subfield></datafield><datafield ind1=" " ind2=" " tag="338"><subfield code="a">volume</subfield><subfield code="b">nc</subfield><subfield code="2">rdacarrier</subfield></datafield><datafield ind1=" " ind2=" " tag="596"><subfield code="a">43</subfield></datafield><datafield ind1="1" ind2=" " tag="700"><subfield code="a">Strugat&#865;ski&#301;, Boris Natanovich.</subfield></datafield><datafield ind1=" " ind2=" " tag="926"><subfield code="a">PG 3476 S923 M262 1985</subfield><subfield code="w">LC</subfield><subfield code="c">1</subfield><subfield code="i">000035367812</subfield><subfield code="d">11/19/2002</subfield><subfield code="l">ON_SHELF</subfield><subfield code="m">UAHSS</subfield><subfield code="n">5</subfield><subfield code="p">$150.00</subfield><subfield code="r">Y</subfield><subfield code="s">Y</subfield><subfield code="t">BOOK</subfield><subfield code="u">1/15/1991</subfield></datafield></record>